<?xml version="1.0" encoding="UTF-8"?><collection xmlns="http://www.loc.gov/MARC21/slim"><record><leader>00671nam--2200193-u-4500</leader><controlfield tag="001">000053322</controlfield><controlfield tag="002">20161230</controlfield><controlfield tag="005">20170119001842</controlfield><controlfield tag="008">110311s1000------------r-----000-0-eng-d</controlfield><datafield ind1=" " ind2=" " tag="020"><subfield code="a">082183472x</subfield></datafield><datafield ind1=" " ind2=" " tag="040"><subfield code="a">IFIN-HH</subfield></datafield><datafield ind1=" " ind2=" " tag="080"><subfield code="a">512.554.3:514.764.22(082.1)</subfield></datafield><datafield ind1="1" ind2=" " tag="100"><subfield code="a">Gindikin, S. G</subfield></datafield><datafield ind1="1" ind2="0" tag="245"><subfield code="a">Lie groups and symetric spaces</subfield><subfield code="b">In memory of F.I. Karpelevich</subfield><subfield code="c">S.G. Gindikin (ed.)</subfield></datafield><datafield ind1=" " ind2=" " tag="260"><subfield code="a">Providence, Rhode Island</subfield><subfield code="b">American Mathematical Society</subfield><subfield code="c">2003</subfield></datafield><datafield ind1=" " ind2=" " tag="300"><subfield code="a">355 p</subfield></datafield><datafield ind1=" " ind2=" " tag="490"><subfield code="a">American Mathematical Society. Translations. Series 2. Vol. 210. Advances In The Mathematical Sciences</subfield><subfield code="v">Vol. 54</subfield></datafield><datafield ind1=" " ind2=" " tag="852"><subfield code="a">81465</subfield><subfield code="c">519.4/5</subfield></datafield><datafield ind1=" " ind2=" " tag="CAT"><subfield code="a">SYS</subfield><subfield code="c">20170119</subfield><subfield code="h">001842</subfield></datafield></record></collection>